<?xml version="1.0" encoding="UTF-8"?><collection><record><leader>06297ntm a2200673 a 4500</leader><controlfield tag="001">006836549</controlfield><controlfield tag="003">MiAaHDL</controlfield><controlfield tag="005">20190719000000.0</controlfield><controlfield tag="006">m        d        </controlfield><controlfield tag="007">cr bn ---auaua</controlfield><controlfield tag="008">090708s1660    xx            00| ||per d</controlfield><datafield tag="035" ind1=" " ind2=" "><subfield code="a">(MiU)006836549</subfield></datafield><datafield tag="035" ind1=" " ind2=" "><subfield code="a">sdr-miu006836549</subfield></datafield><datafield tag="040" ind1=" " ind2=" "><subfield code="a">MiU</subfield><subfield code="c">MiU</subfield><subfield code="e">amremm</subfield></datafield><datafield tag="043" ind1=" " ind2=" "><subfield code="a">n-us-mi</subfield><subfield code="a">a-ir---</subfield><subfield code="a">ff-----</subfield><subfield code="a">aw-----</subfield><subfield code="a">e-sp---</subfield></datafield><datafield tag="100" ind1="1" ind2=" "><subfield code="6">880-01</subfield><subfield code="a">Mīr Khvānd, Muḥammad ibn Khāvandshāh,</subfield><subfield code="d">1433-1498.</subfield></datafield><datafield tag="240" ind1="1" ind2="0"><subfield code="6">880-02</subfield><subfield code="a">Rawz̤at al-ṣafāʼ.</subfield><subfield code="n">jild 4</subfield></datafield><datafield tag="245" ind1="1" ind2="0"><subfield code="6">880-03</subfield><subfield code="a">Daftar-i chahārum-i Rawz̤at al-ṣafā,</subfield><subfield code="f">[1070, i.e. 1660].</subfield></datafield><datafield tag="246" ind1="3" ind2="8"><subfield code="a">Roozut ol Sufa 4</subfield></datafield><datafield tag="246" ind1="3" ind2=" "><subfield code="i">Title from rubricated heading at opening on p.4:</subfield><subfield code="a">مجلد چهارم از تاریخ امیر خداوند</subfield></datafield><datafield tag="260" ind1=" " ind2=" "><subfield code="c">[1660].</subfield></datafield><datafield tag="300" ind1=" " ind2=" "><subfield code="a">270 leaves :</subfield><subfield code="b">paper ;</subfield><subfield code="c">283 x 173 (240 x 108) mm. bound to 290 x 185 mm.</subfield></datafield><datafield tag="500" ind1=" " ind2=" "><subfield code="a">Shelfmark: Ann Arbor, University of Michigan, Special Collections Library, Isl. Ms. 860 v.4</subfield></datafield><datafield tag="500" ind1=" " ind2=" "><subfield code="a">Origin: As appears in colophon on p.541, transcription completed Rajab 1070 [March-April 1660].</subfield></datafield><datafield tag="500" ind1=" " ind2=" "><subfield code="a">Accompanying materials: a. Recycled card with note "Exchange - note of previous owner | College of Fort William (India)" -- b. Card with note describing contents "(MS) روضة الصفا | rowẓatt al-ṣafā | vol.4 | Date: 1070 AH (1651 ±)" -- c. Slip with note "Persian MSS (Heyworth-Dunne?) with Meredith-Owens notes" -- d. Scrap with title and date in ink "Rawḍat al-Safā | vol. 4 AH 1075 ?"</subfield></datafield><datafield tag="500" ind1=" " ind2=" "><subfield code="a">Former shelfmark: Mich. Isl. Ms. temp. no. 9 v.4</subfield></datafield><datafield tag="500" ind1=" " ind2=" "><subfield code="a">Binding: Boards covered in light brown leather decorated in "marble calf" manner ; Western style binding ; pastedowns and flyleaves in untinted wove paper ; spine in dark green and brown leather, gold-stamped with decorative bands and title "ROOZUT OL SUFA 4" ; edges of text block red-flecked ; sewn in white thread over recessed cords ; Western style worked endbands, fair condition ; overall in fair condition with minor abrasion and deterioration of leather, etc.</subfield></datafield><datafield tag="500" ind1=" " ind2=" "><subfield code="a">Support: non-European (likely Persian or Indian) laid paper with roughly 7 laid lines per cm. (vertical, somewhat indistinct, curving) and chain lines only faintly visible, cloudy formation, somewhat thin though sturdy, beige to light brown in color, well-burnished ; some breakage and minor pest damage (with repairs).</subfield></datafield><datafield tag="500" ind1=" " ind2=" "><subfield code="a">Decoration: Keywords and headings rubricated ; textual dividers in the form of three inverted commas, etc. (in red) ; occasional overlining in red.</subfield></datafield><datafield tag="500" ind1=" " ind2=" "><subfield code="a">Script: Nastaʻlīq ; elegant hand in a medium line ; serifless with slight effect of words descending to baseline and tilt to the right, elongation and somewhat exaggerated thickness of horizontal strokes, pointing in strokes or conjoined dots (for two and three dots).</subfield></datafield><datafield tag="500" ind1=" " ind2=" "><subfield code="a">Layout: Written in 25 lines per page ; frame-ruled.</subfield></datafield><datafield tag="500" ind1=" " ind2=" "><subfield code="a">Collation: i, 33 IV(264), IV-2 (370), i ; exclusively quaternions ; middle of the quire marks in the form of black strokes in the upper outer corner of the right-hand leaf and the lower outer corner of the left-hand leaf ; catchwords present ; pagination in pencil, Western numerals, supplied during digitization (includes flyleaves).</subfield></datafield><datafield tag="500" ind1=" " ind2=" "><subfield code="a">Colophon: "Scribal," triangulare, reads "تمت المجلد الرابع بعون الله تعالى وحسن توفيقه والحمد لله رب العالمين والصلوة والسلام على نبيه محمد واله اجمعين الطيبين الطاهرين تحريرا فى شهر رجب المرجب سنه ۱۰۷۰ هجرى"</subfield></datafield><datafield tag="500" ind1=" " ind2=" "><subfield code="a">Incipit: "فهرست نسخه سعادات ابدی و دیباجه مجموعه کرامات سرمدی ..."</subfield></datafield><datafield tag="500" ind1=" " ind2=" "><subfield code="a">Title from inscription on 'title page' (p.3).</subfield></datafield><datafield tag="500" ind1=" " ind2=" "><subfield code="a">Ms. codex.</subfield></datafield><datafield tag="510" ind1="4" ind2=" "><subfield code="a">B. Forbes Manz &amp; A. Beveridge, "Mīrkhwānd," In EI2.</subfield></datafield><datafield tag="510" ind1="4" ind2=" "><subfield code="a">Ḥājjī Khalīfah. Kashf al-ẓunūn,</subfield><subfield code="c">1/926</subfield></datafield><datafield tag="510" ind1="4" ind2=" "><subfield code="a">Storey,</subfield><subfield code="c">i, 92-101, 1236</subfield></datafield><datafield tag="510" ind1="4" ind2=" "><subfield code="a">Cat. Pers. MSS. Brit. Mus.,</subfield><subfield code="c">p.90 ff.</subfield></datafield><datafield tag="520" ind1="8" ind2=" "><subfield code="a">Fine copy of the fourth volume, addressing the dynasties contemporary with the ʻAbbāsids, of the celebrated universal history Rawz̤at al-ṣafāʼ fī sīrat al-anbiyāʼ va al-mulūk va al-khulafāʼ by the Tīmūrid historian Muḥammad ibn Khvāndshāh Mīr Khvānd (d.1498).</subfield></datafield><datafield tag="538" ind1=" " ind2=" "><subfield code="a">Mode of access: Internet.</subfield></datafield><datafield tag="541" ind1=" " ind2=" "><subfield code="c">Gift ;</subfield><subfield code="a">Acquired from Frank E. Nuttall (1875-1943).</subfield></datafield><datafield tag="546" ind1=" " ind2=" "><subfield code="a">Persian.</subfield></datafield><datafield tag="561" ind1=" " ind2=" "><subfield code="a">Several former owners' marks on 'title page' (p.3) including shelfmark or inventory number "١٢٣" accompanying title inscription, partially effaced statement and large circular seal impression (repeated at close on p.541) in name of one Muḥammad Jaʻfar ( محمد جعفر ) [?] dated 1094 [1683], statement (dated 1825) as well as large oval seal impression with text in modified Arabic script "كتاب كالج فورت وليم" as well as Hindi (Devanagari) and Bengali scripts in name of the College of Fort William (founded 1800 in Calcutta), and statement "Given in exchange for another MSS. to Major Anderson [?] by order of the Council of the Asiatic Society by A. Sprenger [Aloys Sprenger, 1813-1893] Hon. Secretary Asiat. Soc. 19 Sep. 1854 [?]" ; College of Fort William seal impression repeated on verso of final leaf (p.542) ; fairly clean copy.</subfield></datafield><datafield tag="650" ind1=" " ind2="0"><subfield code="a">Manuscripts, Persian</subfield><subfield code="z">Michigan</subfield><subfield code="z">Ann Arbor.</subfield></datafield><datafield tag="650" ind1=" " ind2="0"><subfield code="a">Seljuks</subfield><subfield code="v">Early works to 1800.</subfield></datafield><datafield tag="650" ind1=" " ind2="0"><subfield code="a">Ghaznevids</subfield><subfield code="v">Early works to 1800.</subfield></datafield><datafield tag="650" ind1=" " ind2="0"><subfield code="a">Buwayhids</subfield><subfield code="v">Early works to 1800.</subfield></datafield><datafield tag="650" ind1=" " ind2="0"><subfield code="a">World history</subfield><subfield code="v">Early works to 1800.</subfield></datafield><datafield tag="651" ind1=" " ind2="0"><subfield code="a">Islamic Empire</subfield><subfield code="x">History</subfield><subfield code="y">750-1258</subfield><subfield code="v">Early works to 1800.</subfield></datafield><datafield tag="651" ind1=" " ind2="0"><subfield code="a">Iran</subfield><subfield code="x">History</subfield><subfield code="y">640-1256</subfield><subfield code="v">Early works to 1800.</subfield></datafield><datafield tag="700" ind1="1" ind2=" "><subfield code="a">Nuttall, Frank E.,</subfield><subfield code="d">1875-1943,</subfield><subfield code="e">former owner.</subfield></datafield><datafield tag="710" ind1="2" ind2=" "><subfield code="a">Asiatic Society (Kolkata, India)</subfield><subfield code="e">former owner.</subfield></datafield><datafield tag="710" ind1="2" ind2=" "><subfield code="a">College of Fort William (Calcutta, India)</subfield><subfield code="e">former owner.</subfield></datafield><datafield tag="773" ind1="0" ind2=" "><subfield code="a">F. E. Nuttall Collection.</subfield></datafield><datafield tag="880" ind1="1" ind2="0"><subfield code="6">245-03/</subfield><subfield code="a">دفتر چهارم روضة الصفا,</subfield><subfield code="f">[1070ه, 1660م].</subfield></datafield><datafield tag="880" ind1="1" ind2="0"><subfield code="6">240-02/</subfield><subfield code="a">روضة الصفا.</subfield><subfield code="n">جلد 4</subfield></datafield><datafield tag="880" ind1="1" ind2=" "><subfield code="6">100-01/</subfield><subfield code="a">مير جواند، محمد بن جواندشاه.</subfield></datafield><datafield tag="CID" ind1=" " ind2=" "><subfield code="a">006836549</subfield></datafield><datafield tag="DAT" ind1="0" ind2=" "><subfield code="a">20190719102641.0</subfield><subfield code="b">20190719000000.0</subfield></datafield><datafield tag="DAT" ind1="1" ind2=" "><subfield code="a">20190719090653.0</subfield><subfield code="b">2019-07-19T16:10:51Z</subfield></datafield><datafield tag="DAT" ind1="2" ind2=" "><subfield code="a">2015-10-02T18:00:03Z</subfield></datafield><datafield tag="CAT" ind1=" " ind2=" "><subfield code="a">SDR-MIU</subfield><subfield code="d">EX LIBRIS - ALEPH</subfield><subfield code="l">prepare.pl-004-008</subfield></datafield><datafield tag="FMT" ind1=" " ind2=" "><subfield code="a">BK</subfield></datafield><datafield tag="HOL" ind1=" " ind2=" "><subfield code="0">sdr-miu006836549</subfield><subfield code="a">MiU</subfield><subfield code="b">SDR</subfield><subfield code="c">MIU</subfield><subfield code="p">mdp.39015079132331</subfield><subfield code="s">MIU</subfield><subfield code="1">006836549</subfield></datafield><datafield tag="974" ind1=" " ind2=" "><subfield code="b">MIU</subfield><subfield code="c">MIU</subfield><subfield code="d">20190719</subfield><subfield code="s">lit-dlps-dc</subfield><subfield code="u">mdp.39015079132331</subfield><subfield code="y">1660</subfield><subfield code="r">pd</subfield><subfield code="q">bib</subfield><subfield code="t">non-US bib date1 &lt; 1879</subfield></datafield></record></collection>